<?xml version="1.0" encoding="utf-8"?>
<record xmlns="http://www.loc.gov/MARC21/slim" xmlns:xsi="http://www.w3.org/2001/XMLSchema-instance" xsi:schemaLocation="http://www.loc.gov/MARC21/slim http://www.loc.gov/standards/marcxml/schema/MARC21slim.xsd">
	<leader>     nam a22     Mi 4500</leader>
	<controlfield tag="001">b12684065</controlfield>
	<controlfield tag="003">LeBAU</controlfield>
	<controlfield tag="006">m        d        </controlfield>
	<controlfield tag="007">cr cn |||m|||a</controlfield>
	<controlfield tag="008">181009s1930    le b    o     ||0 0 ara d</controlfield>
	<datafield ind1=" " ind2=" " tag="040">
		<subfield code="a">ZYU</subfield>
		<subfield code="b">ara</subfield>
		<subfield code="e">rda</subfield>
		<subfield code="c">ZYU</subfield>
	</datafield>
	<datafield ind1=" " ind2="4" tag="050">
		<subfield code="a">DS95</subfield>
		<subfield code="b">.K43 1930</subfield>
	</datafield>
	<datafield ind1="0" ind2="4" tag="082">
		<subfield code="a">939.4</subfield>
		<subfield code="2">22</subfield>
	</datafield>
	<datafield ind1="1" ind2=" " tag="100">
		<subfield code="6">880-01</subfield>
		<subfield code="a">Khalīfah, Amīn Muṣṭafá,</subfield>
		<subfield code="d">1924-</subfield>
		<subfield code="e">author.</subfield>
	</datafield>
	<datafield ind1="1" ind2="0" tag="245">
		<subfield code="6">880-02</subfield>
		<subfield code="a">Tārīkh Sūriyā qabla al-fatḥ al-Islāmī /</subfield>
		<subfield code="c">ta’līf Amīn Khalīfah B. ‘A., ‘uḍw fī al-Majma‘ al-‘Ilmī lil-Tārīkh al-Dawlī fī Bārīs.</subfield>
	</datafield>
	<datafield ind1=" " ind2="1" tag="264">
		<subfield code="6">880-03</subfield>
		<subfield code="a">[Bayrūt] :</subfield>
		<subfield code="b">Matbaʻat al-Dāʼirah al-Istiʻdādīyah, al-Jāmi‘ah al-Amīrikīyah fī Bayrūt,</subfield>
		<subfield code="c">1930.</subfield>
	</datafield>
	<datafield ind1=" " ind2=" " tag="300">
		<subfield code="6">880-04</subfield>
		<subfield code="a">online resource (1 volume (a-j, 276 pages), 1 unnumbered leaf of plates) :</subfield>
		<subfield code="b">folded map</subfield>
	</datafield>
	<datafield ind1=" " ind2=" " tag="336">
		<subfield code="a">text</subfield>
		<subfield code="2">rdacontent</subfield>
	</datafield>
	<datafield ind1=" " ind2=" " tag="337">
		<subfield code="a">computer</subfield>
		<subfield code="2">rdamedia</subfield>
	</datafield>
	<datafield ind1=" " ind2=" " tag="338">
		<subfield code="a">online resource</subfield>
		<subfield code="2">rdacarrier</subfield>
	</datafield>
	<datafield ind1=" " ind2=" " tag="500">
		<subfield code="a">Part of the Arabic Collections Online (ACO) project, contributed by American University of Beirut's Jafet Memorial Library.</subfield>
	</datafield>
	<datafield ind1=" " ind2=" " tag="533">
		<subfield code="a">Electronic reproduction.</subfield>
		<subfield code="b">New York, N.Y. :</subfield>
		<subfield code="c">New York University,</subfield>
		<subfield code="d">2018.</subfield>
		<subfield code="5">NNU</subfield>
	</datafield>
	<datafield ind1=" " ind2="0" tag="651">
		<subfield code="6">880-05</subfield>
		<subfield code="a">Syria</subfield>
		<subfield code="x">History.</subfield>
	</datafield>
	<datafield ind1=" " ind2="0" tag="651">
		<subfield code="6">880-06</subfield>
		<subfield code="a">Syria</subfield>
		<subfield code="x">Foreign relations.</subfield>
	</datafield>
	<datafield ind1=" " ind2="0" tag="651">
		<subfield code="6">880-07</subfield>
		<subfield code="a">Syria</subfield>
		<subfield code="x">Civilization.</subfield>
	</datafield>
	<datafield ind1="2" ind2=" " tag="710">
		<subfield code="a">Jafet Memorial Library.</subfield>
	</datafield>
	<datafield ind1="0" ind2=" " tag="730">
		<subfield code="a">Arabic Collections Online.</subfield>
	</datafield>
	<datafield ind1="0" ind2="8" tag="776">
		<subfield code="i">Print version:</subfield>
		<subfield code="a">Khalīfah, Amīn Muṣṭafá, 1924- author.</subfield>
		<subfield code="t">Tārīkh Sūriyā qabla al-fatḥ al-Islāmī</subfield>
		<subfield code="w">(LeBAU)b12684065</subfield>
	</datafield>
	<datafield ind1="4" ind2="0" tag="856">
		<subfield code="u">http://hdl.handle.net/2333.1/z34tmwt5</subfield>
	</datafield>
	<datafield ind1="1" ind2=" " tag="880">
		<subfield code="6">100-01</subfield>
		<subfield code="a">‏خليفة، أمين مصطفى،</subfield>
		<subfield code="d">1924-</subfield>
		<subfield code="e">مؤلف.</subfield>
		<subfield code="4">aut.</subfield>
	</datafield>
	<datafield ind1="1" ind2="0" tag="880">
		<subfield code="6">245-02</subfield>
		<subfield code="a">تاريخ سوريا قبل الفتح الإسلامي /</subfield>
		<subfield code="c">تأليف أمين خليفة ب. ع.، عضو في المجمع العلمي للتاريخ الدولي في باريس.</subfield>
	</datafield>
	<datafield ind1=" " ind2="1" tag="880">
		<subfield code="6">264-03</subfield>
		<subfield code="a">[بيروت] :</subfield>
		<subfield code="b">مطبعة الدائرة الاستعدادية، الجامعة الأميركية في بيروت،</subfield>
		<subfield code="c">1930.</subfield>
	</datafield>
	<datafield ind1=" " ind2=" " tag="880">
		<subfield code="6">300-04</subfield>
		<subfield code="a">1 جزء ( أ-ج، 276 صفحة)، 1 ورقة لوحات غير مرقمة :</subfield>
		<subfield code="b">خريطة مطوية ؛</subfield>
		<subfield code="c">20 سم</subfield>
	</datafield>
	<datafield ind1=" " ind2=" " tag="880">
		<subfield code="6">500-00</subfield>
		<subfield code="a">من  المرجح أنه لم يتم إصدار اي جزء آخر من الكتاب.</subfield>
	</datafield>
	<datafield ind1="3" ind2=" " tag="880">
		<subfield code="6">520-00</subfield>
		<subfield code="a">&quot;يتحدث الكتاب عن تاريخ سوريا قبل الفتح الاسلامي وفيه مقدمة جغرافية عن سوريا والعلاقات بين سوريا وبلاد ما بين النهرين ووادي النيل ودور المصريين في سوريا ومن ثم تاريخ الفينيقين والاراميون والعبرانيون وحكمهم في سوريا بعد ذلك حكم الاشوريين والكلدانيين ومن ثم الفرس وحروب الاسكندر في سوريا وحكم السلوقين واخيراً الرومان .&quot;</subfield>
	</datafield>
	<datafield ind1=" " ind2=" " tag="880">
		<subfield code="6">588-00</subfield>
		<subfield code="a">هذا المستخلص أخذ من http://www.kadl.sa/item.aspx?id=1dwxhMJfoxfmbt7ExDUv5AcSNNPGHZvWlKNVNaI5jsKlfUX32yiJdZqMOQgCA (تاريخ زيارة الموقع: 2018-01-02)</subfield>
	</datafield>
	<datafield ind1=" " ind2=" " tag="880">
		<subfield code="6">590-00</subfield>
		<subfield code="a">في المكتبة: الجزء 1.</subfield>
	</datafield>
	<datafield ind1=" " ind2="4" tag="880">
		<subfield code="6">651-05</subfield>
		<subfield code="a">سوريا</subfield>
		<subfield code="x">تاريخ.</subfield>
	</datafield>
	<datafield ind1=" " ind2="4" tag="880">
		<subfield code="6">651-06</subfield>
		<subfield code="a">سوريا</subfield>
		<subfield code="x">العلاقات الخارجية.</subfield>
	</datafield>
	<datafield ind1=" " ind2="4" tag="880">
		<subfield code="6">651-07</subfield>
		<subfield code="a">سوريا</subfield>
		<subfield code="x">الحضارة.</subfield>
	</datafield>
	<datafield ind1=" " ind2=" " tag="959">
		<subfield code="a">NNU</subfield>
		<subfield code="b">WEB</subfield>
		<subfield code="c">GENI</subfield>
		<subfield code="t">0</subfield>
		<subfield code="m">Electronic access</subfield>
		<subfield code="s">01</subfield>
	</datafield>
	<datafield ind1=" " ind2=" " tag="999">
		<subfield code="i">LeBAU_b12684065</subfield>
		<subfield code="s">aub_aco002068</subfield>
		<subfield code="e">(ERROR-MISC)</subfield>
		<subfield code="s">aub_aco002068</subfield>
	</datafield>
</record>
